
@article{engquist2011pml,
  title={Sweeping preconditioner for the Helmholtz equation: moving perfectly matched layers},
  author={Engquist, Bj{\"o}rn and Ying, Lexing},
  journal={Multiscale Modeling \& Simulation},
  volume={9},
  number={2},
  pages={686--710},
  year={2011},
  publisher={SIAM}
}



@article{engquist2011matrix,
  title={Sweeping preconditioner for the Helmholtz equation: hierarchical matrix representation},
  author={Engquist, Bj{\"o}rn and Ying, Lexing},
  journal={Communications on pure and applied mathematics},
  volume={64},
  number={5},
  pages={697--735},
  year={2011},
  publisher={Wiley Online Library}
}
