
@article{engquist2011pml,
  title={Sweeping preconditioner for the Helmholtz equation: moving perfectly matched layers},
  author={Engquist, Bj{\"o}rn and Ying, Lexing},
  journal={Multiscale Modeling \& Simulation},
  volume={9},
  number={2},
  pages={686--710},
  year={2011},
  publisher={SIAM}
}

@article{engquist2011matrix,
  title={Sweeping preconditioner for the Helmholtz equation: hierarchical matrix representation},
  author={Engquist, Bj{\"o}rn and Ying, Lexing},
  journal={Communications on pure and applied mathematics},
  volume={64},
  number={5},
  pages={697--735},
  year={2011},
  publisher={Wiley Online Library}
}

@article{irons1970frontal,
  title={A frontal solution program for finite element analysis},
  author={Irons, Bruce M},
  journal={International Journal for Numerical Methods in Engineering},
  volume={2},
  number={1},
  pages={5--32},
  year={1970},
  publisher={Wiley Online Library}
}

@article{duff1983multifrontal,
  title={The multifrontal solution of indefinite sparse symmetric linear},
  author={Duff, Iain S and Reid, John K},
  journal={ACM Transactions on Mathematical Software (TOMS)},
  volume={9},
  number={3},
  pages={302--325},
  year={1983},
  publisher={ACM New York, NY, USA}
}

@article{erlangga2008advances,
  title={Advances in iterative methods and preconditioners for the Helmholtz equation},
  author={Erlangga, Yogi A},
  journal={Archives of Computational Methods in Engineering},
  volume={15},
  number={1},
  pages={37--66},
  year={2008},
  publisher={Springer}
}
